@misc{themakermachine_mini,
  title    = {Mini {CNC} {Milling} {Machine}},
  url      = {https://www.instructables.com/Mini-CNC-Milling-Machine/},
  abstract = {Mini CNC Milling Machine: Hi friends! In this Instructables, I’ll show you how I designed, fabricated, assembled, and got running this mini CNC milling machine. I love fabricating and I wanted to make a (relatively) low cost CNC mill to have at home during the pandemic. I al…},
  language = {english},
  urldate  = {2022-03-27},
  journal  = {Instructables}
}

@article{CNC_Plotter,
  title    = {{ЧПУ} плоттер},
  issn     = {2072-0297},
  url      = {https://moluch.ru/archive/317/72425/},
  abstract = {В статье представлены результаты внедрения научного проекта, который демонстрирует разработку и внедрение технического прибора — ЧПУ плоттер в образовательный процесс для специальностей информационно-компьютерного профиля, а также с применением в промышленной отрасли. Прибор предназначен для автоматизации процесса изготовления печатных плат. В проекте представлены основные этапы создания ЧПУ плоттера и анализ эксплуатации, выполненный в процессе настройки. Представленный ЧПУ плоттер позволяет решать актуальные инновационные задачи в области сложнейших электронных устройств на основе компьютерных систем и комплексов в процессе подготовки специалистов среднего звена и является средством улучшения качества образовательного процесса по дисциплинам «Схемотехника», «Программирование». Благодаря расширенному масштабу рисунка размером А4, возможно рисовать достаточно большие печатные платы. Несомненная эффективность устройства заключается в том, что себестоимость прибора, на порядок ниже цены образцов, приобретаемых учебным заведением для проведения практических занятий.},
  language = {russian},
  number   = {317},
  urldate  = {2022-04-02},
  journal  = {Молодой ученый},
  author   = {Иванов, Александр Викторович and Боренко, Евгений Александрович},
  year     = {2020},
  pages    = {Т.1. 14--15}
}


@article{girhe_arduino_2018,
  title    = {Arduino {Based} {Cost} {Effective} {CNC} {Plotter} {Machine}},
  volume   = {6},
  abstract = {Due to the rapid growth of technology the usage \& utilization of CNC machine in industries are increased. The fabrication of low cost CNC machine is used to reduce cost and complexity of machine. This paper deals with the design of automatic mini CNC machine for PCB drawing and drilling. The Idea behind our project is to design and drill PCB based on low cost CNC system the lower cost is achieved by incorporating features of PC with ATMEGA 328 controller in an arduino. We have use an G code for whole system operation G code is nothing but a language in which people tell computerized machine tools ‘How to make something’. The How is defined by instructions on where to move \& how fast to move.},
  language = {english},
  number   = {2},
  author   = {Girhe, Puja and Department, EXTC and Chirde, Arpita},
  year     = {2018},
  pages    = {4},
  file     = {Girhe et al. - 2018 - Arduino Based Cost Effective CNC Plotter Machine.pdf:C\:\\Users\\sasch\\Zotero\\storage\\CDYSEKGR\\Girhe et al. - 2018 - Arduino Based Cost Effective CNC Plotter Machine.pdf:application/pdf}
}


@article{sosonkin,
  title    = {Концепция Построения Базовой Системы Числового Программного Управления Мехатронными Объектами},
  issn     = {2073-2597},
  url      = {https://www.elibrary.ru/item.asp?id=16375157},
  abstract = {Проанализирована потребность и обоснована необходимость создания базовой системы ЧПУ для управления мехатронными объектами. Раскрыта специфика реализации и проиллюстрированы примеры адаптации и расширения базовой системы ЧПУ для конкретных прикладных задач.},
  language = {russian},
  number   = {2},
  urldate  = {2022-04-03},
  journal  = {Информационные Технологии В Проектировании И Производстве},
  author   = {Григорьев, Сергей Николаевич and Мартинов, Георгий Мартинович},
  year     = {2011},
  keywords = {Базовая Система Числового Программного Управления, Виртуальная Модель, Открытая Модульная Архитектура, Прогнозирование Остаточной Стойкости Инструмента}
}
